

@book{Abramowski2016a-removed,
	Author = {Anneliese Abramowski and Andreas Haida and Katharina Hartmann and Stefan Hinterwimmer and Hagen Hirschmann and Sabine Kr{\"a}mer and Ewald Lang and Anke L{\"u}deling and Antonio {Machicao y Priemer} and Claudia Maienborn and Christine Mooshammer and Stefan M{\"u}ller and Renate Musan and Katharina Nimz and Andreas Nolda and Sophie Repp and Eva Schlachter and Peter Skupinski and Monika Strietz and Luka Szucsich and Elisabeth Verhoeven and Heike Wiese},
	Publisher = {Institut f{\"u}r deutsche Sprache und Linguistik der Humboldt-Universit{\"a}t zu Berlin},
	Title = {Arbeitsmaterialien {Grundkurs Linguistik}},
	Year = {2016}}

@phdthesis{Abney87a,
   Author = {Abney, Steven Paul},
   Title = {The {English} Noun Phrase in its Sentential Aspect},
   School = {Massachusetts Institute of Technology},
   Type = {Unveröffentlichte  {D}issertation},
   Note = {(\url{http://www.vinartus.net/spa/publications.html} Zugriff: 23.12.2009)},
   Year = {1987} }
   
@book{Adger04a,
   Author = {Adger, David},
   Title = {Core Syntax: {A} Minimalist Approach},
   Publisher = {Oxford University Press},
   Address = {Oxford},
   Year = {2004} }

@book{Agel00a,
   author = {Ágel, Vilmos},
   title = {Valenztheorie},
   publisher = {Narr},
   address = {Tübingen},
   series = {Narr Studienbücher},
   keywords = {Sprachwissenschaft; Syntax; Valenz; Strukturalismus; Dependenz; Rektion; Verb; Nomen; Typologie; Phrase: Adjunkt; Phrase: Komplement; Textlinguistik; GK Syntax; Subjekt; Kasus: Nominativ; Prädikat; Phrase: Argument; Kongruenz;  },
   year = {2000}
}

@incollection{Altmann93a,
   Author = {Altmann, Hans},
   Title = {Satzmodus},
   BookTitle = {Syntax. {Ein} internationales {Handbuch zeitgenössischer Forschung}},
   Editor = {Jacobs, Joachim and Stechow, Arnim von and Sternefeld, Wolfgang and Vennemann, Theo},
   Series = {HSK 9.1},
   Publisher = {Walter de Gruyter},
   Address = {Berlin},
   Pages = {1006--1029},
   Year = {1993} }

@book{Altmann&Co07a,
   author = {Altmann, Hans and Ziegenhain, Ute},
   title = {Phonetik, {Phonologie und Graphemik fürs Examen}},
   publisher = {Vandenhoeck \& Ruprecht},
   address = {Göttingen},
   edition = {2.},
   year = {2007}
}

@book{Altmann&Hofmann08a,
   Author = {Altmann, Hans and Hofmann, Ute},
   Title = {Topologie fürs {Examen: Verbstellung, Klammerstruktur, Stellungsfelder, Satzglied- und Wortstellung}},
   Publisher = {Vandenhoeck \& Ruprecht},
   Address = {Göttingen},
   Edition = {2},
   Year = {2008} }

@article{Brame82a,
   Author = {Brame, Michael},
   Title = {The head-selector theory of lexical specifications and the nonexistence of coarse categories},
   Journal = {Linguistic Analysis},
   Volume = {10},
   Number = {4},
   Pages = {321--325},
   Year = {1982} }
   
@misc{Boutonnet15a,
   Author = {Boutonnet, Bastien},
   Title = {We do Sort of have `Grammar' in our Brain, but {Chomsky} wasn't more Right or Wrong before {Ding}'s Paper},
   Volume = {2015},
   Number = {13.12.205},
   Note = {\url{http://www.bastienboutonnet.com/we-do-sort-of-have-grammar-in-our-brain-but-chomsky-wasnt-more-right-or-wrong-before-dings-paper/} [Zugriff: 13.12.205]},
   Year = {2015} }

@book{Brandt&Co06a,
   Author = {Brandt, Patrick and Dietrich, Rolf-Albert and Schön, Georg},
   Title = {Sprachwissenschaft: {Ein roter Faden für das Studium}},
   Publisher = {Böhlau},
   Address = {Köln},
   Edition = {2},
   Year = {2006} }
   
@book{Bussmann83a-removed,
   author = {Bußmann, Hadumod},
   title = {Lexikon der {Sprachwissenschaft}},
   publisher = {Alfred Kröner Verlag},
   address = {Stuttgart},
   series = {Kröners Taschenausgabe},
   keywords = {Sprachwissenschaft; Theorie; Theoriebildung; Lexikon; Definition; Notation; Wörterbuch; GK Linguistik},
   year = {1983}
}

@book{Bussmann02a,
   author = {Bußmann, Hadumod},
   title = {Lexikon der {Sprachwissenschaft}},
   publisher = {Kröner},
   address = {Stuttgart},
   year = {2002}
}
@book{Chomsky57a,
   Author = {Chomsky, Noam},
   Title = {Syntactic Structures},
   Publisher = {Mouton de Gruyter},
   Address = {The Hague},
   Year = {1957} }

@book{Chomsky65a,
   Author = {Chomsky, Noam},
   Title = {Aspects of the Theory of Syntax},
   Publisher = {MIT Press},
   Address = {Cambridge},
   Year = {1965} }

@incollection{Chomsky70a,
   Author = {Chomsky, Noam},
   Title = {Remarks on Nominalization},
   BookTitle = {Readings in {English} Transformational Grammar},
   Editor = {Jacobs, Roderick A. and Rosenbaum, Peter S.},
   Publisher = {Ginn \& Company},
   Address = {Waltham},
   Pages = {184--221},
   Year = {1970} }
      
@book{Chomsky81a,
   Author = {Chomsky, Noam},
   Title = {Lectures on Government and Binding: The {Pisa} Lectures},
   Publisher = {Foris Publications},
   Address = {Holland},
   Year = {1981} }

@book{Chomsky95a,
   Author = {Chomsky, Noam},
   Title = {The Minimalist Program},
   Publisher = {MIT Press},
   Address = {Cambridge},
   Year = {1995} }

@book{Coseriu88a,
   Editor = {Coseriu, Eugenio},
   Title = {Einführung in die allgemeine {Sprachwissenschaft}},
   Publisher = {Francke},
   Address = {Tübingen},
   Year = {1988} }

@misc{Devitt15a,
   Author = {Devitt, James},
   Title = {Chomsky Was Right, {NYU} Researchers Find: {We} do have a `Grammar' in our Head},
   Publisher = {NYU},
   Note = {\url{http://www.nyu.edu/about/news-publications/news/2015/12/07/chomsky-was-right-nyu-researchers-find-we-do-have-a-grammar-in-our-head.html} [Zugriff: 13.12.2015]},
   Year = {2015} }

@incollection{Duden13a,
   author = {Duden},
   title = {Sprache},
   booktitle = {Deutsches {Universalwörterbuch} (online)},
   editor = {Dudenredaktion},
   publisher = {Langenscheidt},
   note = {(http://services.langenscheidt.de/fak/
[Zugriff: 07.04.2013])},
   year = {2013}
}

@book{DudenGramm09d,
   author = {Eisenberg, Peter and Peters, Jörg and Gallmann, Peter and Fabricius-Hansen, Cathrine and Nübling, Damaris and Barz, Irmhild and Fritz, Thomas and Fiehler, Reinhard},
   title = {Duden - {Die Grammatik: unentbehrlich für richtiges Deutsch}},
   publisher = {Dudenverlag},
   address = {Mannheim},
   volume = {4},
   edition = {8},
   keywords = {Sprachwissenschaft; Grammatik; Norm; GK Linguistik},
   year = {2009}
}

@book{Eisenberg04,
	Author = {Eisenberg, Peter},
	Title = {{Grundriß der deutschen Grammatik. Das Wort}},
	Publisher = {Metzler},
	Address = {Stuttgart},
	Year = {2004},
	Volume = {1}
}

@book{Eisenberg00a,
   author = {Eisenberg, Peter},
   title = {Grundriß der deutschen {Grammatik: Das Wort}},
   publisher = {Metzler},
   address = {Stuttgart},
   volume = {1},
   keywords = {Sprachwissenschaft; Morphologie; Phonetik; Phonologie; Graphematik; Orthographie; Theoriebildung; Semantik; Wortbildung; Flexion; Konfix; Affixe; Komposition; Rektionskompositum; Kopulativkomposita; Possessivkompositum; Pseudokompositum; Fuge; Konfixkompositum; GK Linguistik; GK Morphologie; GK Graphematik; GK Phonologie; Derivation; Konversion; SIlbe; },
   year = {2000}
}

@article{Evans&Levinson09a,
   Author = {Evans, Nicholas and Levinson, Stephen C.},
   Title = {The Myth of Language Universals: {Language} Diversity and its Importance for Cognitive Science},
   Journal = {Behavioral and Brain Sciences},
   Volume = {32},
   Pages = {429--492},
   Year = {2009} }
   
@incollection{Finkbeiner&Meibauer14a,
   Author = {Finkbeiner, Rita and Meibauer, Jörg},
   Title = {`Festschrift oder nicht Festschrift': Syntax, Semantik und Pragmatik einer peripheren Konstruktion},
   BookTitle = {Zwischen {Kern und Peripherie: Untersuchungen zu Randbereichen in Sprache und Grammatik}},
   Editor = {Machicao y Priemer, Antonio and Nolda, Andreas and Sioupi, Athina},
   Publisher = {De Gruyter},
   Address = {Berlin},
   Pages = {69--88},
   Year = {2014} }
   
@misc{Fries15a,
   Author = {Fries, Norbert},
   Title = {Fries on {CD}: {Vorträge und Vorlesungen} 2002--2015},
   Publisher = {Humboldt Universität zu Berlin},
   Address = {Berlin},
   Year = {2015} }  

@article{Fuhrhop08a,
   Author = {Fuhrhop, Nanna},
   Title = {Das graphematische {W}ort (im {D}eutschen): Eine erste {A}nnäherung},
   Journal = {Zeitschrift für Sprachwissenschaft},
   Volume = {27},
   Number = {2},
   Pages = {189--228},
   Year = {2008} }

@book{Fuhrhop09a,
   Author = {Fuhrhop, Nanna},
   Title = {Orthografie},
   Publisher = {Winter},
   Address = {Heidelberg},
   Year = {2009} }

@book{Fuhrhop&Co13a,
   author = {Fuhrhop, Nanna and Peters, Jörg},
   title = {Einführung in die {Phonologie und Graphematik}},
   publisher = {Metzler},
   address = {Stuttgart},
   year = {2013}
}

@incollection{Glueck00a,
   author = {Glück, Helmut},
   title = {Sprache},
   booktitle = {Metzler {Lexikon Sprache} (online)},
   editor = {Glück, Helmut},
   publisher = {Metzler},
   address = {Stuttgart},
   pages = {653-654},
   note = {(CD-Version der 2. Ausgabe, Directmedia Berlin - Digitale Bibliothek Band 34 [Anm. MyP])},
   year = {2000}
}

@book{Glueck05a,
   author = {Glück, Helmut},
   title = {Metzler {Lexikon Sprache}},
   publisher = {Metzler},
   address = {Stuttgart; Weimar},
   edition = {3},
   keywords = {Sprachwissenschaft; Theorie; Theoriebildung; Lexikon; Definition; Notation; Wörterbuch; GK Linguistik},
   year = {2005}
}

@incollection{Goschler14a,
   Author = {Goschler, Juliana},
   Title = {Variation im {Kernbereich: Koordinierte Subjekte und Subjekt-Verb-Kongruenz im Deutschen}},
   BookTitle = {Zwischen {Kern und Peripherie: Untersuchungen zu Randbereichen in Sprache und Grammatik}},
   Editor = {Machicao y Priemer, Antonio and Nolda, Andreas and Sioupi, Athina},
   Publisher = {De Gruyter},
   Address = {Berlin},
   Pages = {89--101},
   Year = {2014} }

@book{Grewendorf&Co91a,
   Author = {Grewendorf, Günther and Hamm, Fritz and Sternefeld, Wolfgang},
   Title = {Sprachliches {Wissen. Eine Einführung in moderne Theorien der grammatischen Beschreibung}},
   Publisher = {Suhrkamp},
   Address = {Frankfurt am Main},
   Year = {1991} }

@book{Haegeman94a,
   Author = {Haegeman, Liliane},
   Title = {Introduction to {Government and Binding} Theory},
   Publisher = {Blackwell},
   Address = {Oxford},
   Year = {1994} }

@book{Hall00a,
   author = {Hall, Tracy Alan},
   title = {Phonologie. {Eine Einführung}},
   publisher = {Walter de Gruyter},
   address = {Berlin},
   series = {De Gruyter Studienbuch},
   year = {2000}
}

@book{Harris93a,
   Author = {Harris, Randy Allen},
   Title = {The Linguistics Wars},
   Publisher = {Oxford University Press},
   Address = {Oxford},
   Year = {1993} }

@article{Haspelmath94a,
   Author = {Haspelmath, Martin},
   Title = {Functional Categories, {X}-bar Theory, and Grammaticalization Theory},
   Journal = {Sprachtypologie und Universalienforschung (STUF)},
   Volume = {47},
   Number = {1},
   Pages = {3--15},
   Year = {1994} }

@book{Helbig&Buscha05a,
   author = {Helbig, Gerhard and Buscha, Joachim},
   title = {Deutsche {Grammatik. Ein Handbuch für den Ausländerunterricht}},
   publisher = {Langenscheidt},
   address = {Berlin; München; Wien},
   keywords = {Sprachwissenschaft; Morphologie; Theoriebildung; Semantik; Wortbildung; Flexion; GK Linguistik; GK Morphologie; GK Syntax; Wort; Wortart; Phrase: VP; Phrase: NP; Phrase: AP; Phrase: AdvP; Phrase: DP; Phrase: PP; Phrase: CP; Konjunktion; Verb; Nomen; Präposition; Subjunktion; Partikel; Modalwort; Satzglied; Attribut; traditionelle Satzanalyse; Kongruenz; Agreement; Negation; Koordination; Subordination; Nebensatz; Satzmodus; Satzart; Textlinguistik; },
   year = {2005}
}

@article{Hockett60a,
   author = {Hockett, Charles},
   title = {The origin of speech},
   journal = {Scientific American},
   volume = {230},
   pages = {88–96},
   keywords = {Sprachwissenschaft; Anthropologie; Kommunikation; Biologie; Semiotik; Zeichen; Typologie; Theoriebildung; Definition: Natürliche Sprache; Evolution; Sprachevolution; GK Linguistik},
   year = {1960}
}

@incollection{Hornstein05a,
   Author = {Hornstein, Norbert},
   Title = {Empiricism and Rationalism as Research Strategies},
   BookTitle = {The Cambridge Companion to Chomsky},
   Editor = {McGilvray, James},
   Publisher = {Cambridge University Press},
   Address = {Cambridge},
   Pages = {145--163},
   Year = {2005} }

@book{Jackendoff77a,
   Author = {Jackendoff, Ray},
   Title = {X-Bar Syntax: {A} Study of Phrase Structure},
   Publisher = {MIT Press},
   Address = {Cambridge},
   Year = {1977} }

@incollection{Kohler99a,
   Author = {Kohler, Klaus},
   Title = {German},
   BookTitle = {Handbook of the International Phonetic Association: A Guide to the Use of the International Phonetic Alphabet},
   Publisher = {Cambridge University Press},
   Pages = {86-89},
   Year = {1999} }
   
@article{Lasnik&Co02a,
   Author = {Lasnik, Howard and Uriagereka, Juan},
   Title = {On the Poverty of the Challenge},
   Journal = {The Linguistic Review},
   Volume = {19},
   Pages = {147--150},
   Year = {2002} }

@incollection{Lenerz93a,
   Author = {Lenerz, Jürgen},
   Title = {Zu {Syntax und Semantik deutscher Personalpronomina}},
   BookTitle = {Wortstellung und Informationsstruktur},
   Editor = {Reis, Marga},
   Publisher = {Max Niemeyer},
   Address = {Tübingen},
   Pages = {117--153},
   Year = {1993} }

@book{Luedeling2009,
   author = {Lüdeling, Anke},
   title = {{Grundkurs Sprachwissenschaft}},
   publisher = {Klett},
   address = {Stuttgart},
   series = {Uni-Wissen Germanistik},
   year = {2009}
}

@book{Lohnstein11,
	Author = {Lohnstein, Horst},
	Year = {2011},
	Title = {Formale Semantik und natürliche Sprache},
	Publisher = {De Gruyter},
	Address = {Berlin}}

@book{Meibauer&Co07a,
   author = {Meibauer, Jörg and Demske, Ulrike and Geilfuß-Wolfgang, Jochen and Pafel, Jürgen and Ramers, Karl-Heinz and Rothweiler, Monika and Steinbach, Markus},
   title = {Einführung in die germanistische {Linguistik}},
   publisher = {Metzler},
   address = {Stuttgart},
   keywords = {Sprachwissenschaft; Sprache; Theoriebildung; Kognition; GK Linguistik; Syntax; Morphologie; Phonologie; Phonetik; Semantik; Pragmatik; Zeichen; Graphematik; Strukturalismus; Generativ; UG; Konstituentenstruktur; X-bar-Schema; Phrase: NP; Phrase: DP; Argumentselektion; Phrase: Komplement; Phrase: Adjunkt; Phrase: QP; Phrase: IP; Phrase: CP; Phrase: VP; Rektion; Bindung; Bewegung: Anhebung; Bewegung: W-Bewegung; W-Fragen; Wortart; Funktionale Kategorie; Lexikalische Kategorie ; Topologie; Topologisches Feldermodell; Gricesche Maximen; Implikatur; Implikation; Präsupposition; },
   year = {2007}
}

@book{MuellerS13f,
   Author = {Müller, Stefan},
   Title = {Grammatiktheorie},
   Publisher = {Stauffenburg},
   Address = {Tübingen},
   Year = {2013} }
   
@book{MuellerS15b,
   Author = {Müller, Stefan},
   Title = {Grammatical Theory: {From} Transformational Grammar to Constraint-Based Approaches},
   Publisher = {Language Science Press},
   Address = {Berlin},
   Year = {2016} }

@incollection{Nolda&Co14a,
   Author = {Nolda, Andreas and Machicao y Priemer, Antonio and Sioupi, Athina},
   Title = {Die {Kern/Peripherie-Unterscheidung: Probleme und Positionen}},
   BookTitle = {Zwischen Kern und Peripherie: Untersuchungen zu Randbereichen in Sprache und Grammatik},
   Editor = {Machicao y Priemer, Antonio and Nolda, Andreas and Sioupi, Athina},
   Publisher = {De Gruyter},
   Address = {Berlin},
   Pages = {9--23},
   Year = {2014} }
   
@book{Philippi&Tewes10a,
   author = {Philippi, Jule and Tewes, Michael},
   title = {Basiswissen {Generative Grammatik}},
   publisher = {Vandenhoeck \& Ruprecht},
   address = {Göttingen},
   year = {2010}
}

@book{Pinker95a,
   Author = {Pinker, Steven},
   Title = {The Language Instinct: {The} New Science of Language and Mind},
   Publisher = {Penguin Books},
   Address = {London},
   Year = {1995} }

@book{Pompino95a,
   author = {Pompino-Marschall, Bernd},
   title = {Einführung in die {Phonetik}},
   publisher = {Walter de Gruyter},
   address = {Berlin},
   year = {1995}
}

@article{Pullum&Scholz02a,
   Author = {Pullum, Geoffrey K. and Scholz, Barbara C.},
   Title = {Empirical Assessment of Stimulus Poverty Arguments},
   Journal = {The Linguistic Review},
   Volume = {19},
   Pages = {9--50},
   Year = {2002} }

@book{Ramers08a,
   Author = {Ramers, Karl-Heinz},
   Title = {Einführung in die {Phonologie}},
   Publisher = {Wilhelm Fink},
   Address = {München},
   Series = {UTB für Wissenschaft},
   Year = {2008} }

@book{Repp&Co12a,
   author = {Repp, Sophie and Abramowski, Anneliese and Haida, Andreas and Hartmann, Katharina and Hinterwimmer, Stefan and Krämer, Sabine and Lang, Ewald and Lüdeling, Anke and Machicao y Priemer, Antonio and Maienborn, Claudia and Musan, Renate and Nimz, Katharina and Nolda, Andreas and Skupinski, Peter and Strietz, Monika and Szucsich, Luka and Verhoeven, Elisabeth and Wiese, Heike},
   title = {Arbeitsmaterialien: {Grundkurs Linguistik (sowie Übung Deutsche Grammatik in Auszügen})},
   publisher = {Institut für deutsche Sprache und Linguistik der Humboldt-Universität zu Berlin},
   address = {Berlin},
   year = {2012}
}

@book{Repp&Co15a,
   Author = {Repp, Sophie and Abramowski, Anneliese and Haida, Andreas and Hartmann, Katharina and Hinterwimmer, Stefan and Krämer, Sabine and Lang, Ewald and Lüdeling, Anke and Machicao y Priemer, Antonio and Maienborn, Claudia and Musan, Renate and Nimz, Katharina and Nolda, Andreas and Skupinski, Peter and Strietz, Monika and Szucsich, Luka and Verhoeven, Elisabeth and Wiese, Heike},
   Title = {Arbeitsmaterialien: {Grundkurs Linguistik (sowie Übung Deutsche Grammatik in Auszügen})},
   Publisher = {Institut für deutsche Sprache und Linguistik -- Humboldt-Universität zu Berlin},
   Address = {Berlin},
   Year = {2015} }

@book{Stechow&Sternefeld88a,
   Author = {Stechow, Arnim von and Sternefeld, Wolfgang},
   Title = {Bausteine syntaktischen {Wissens: Ein Lehrbuch der generativen Grammatik}},
   Publisher = {Westdeutscher Verlag},
   Address = {Opladen},
   Year = {1988} }

@incollection{Thuemmel00a,
   author = {Thümmel, Wolf},
   title = {Natürliche {Sprache}},
   booktitle = {Metzler Lexikon Sprache (online)},
   editor = {Glück, Helmut},
   publisher = {Metzler},
   address = {Stuttgart},
   pages = {466},
   note = {(CD-Version der 2. Ausgabe, Directmedia Berlin - Digitale Bibliothek Band 34 [Anm. MyP])},
   year = {2000}
}

@book{Trubetzkoy89a,
	Author = {Trubetzkoy, Nikolai Sergejewitsch},
	Title = {Grundzüge der {Phonologie}},
	Publisher = {Vandenhoeck \& Ruprecht},
	Address = {Göttingen},
	Edition = {7.},
	Year = {1989} } 
	
@book{Trubetzkoy89a-doppelt,
	Author = {Trubetzkoy, Nikolai Sergejewitsch},
	Title = {Grundzüge der {Phonologie}},
	Publisher = {Vandenhoeck \& Ruprecht},
	Address = {Göttingen},
	Edition = {7.},
	Year = {1989} } 

@book{Twain10b,
   Author = {Twain, Mark},
   Title = {The Awful {German} Language},
   Publisher = {US-Botschaft Berlin -- Public Affairs},
   Address = {Berlin},
   Notes = {[Original 1880]},
   Year = {2010} }
   
@book{WieseR96a,
   Author = {Wiese, Richard},
   Title = {The Phonology of {German}},
   Publisher = {Oxford University Press},
   Address = {Oxford},
   Series = {The Phonology of World's Languages},
   Year = {1996} }

@book{WieseR11a,
   author = {Wiese, Richard},
   title = {Phonetik und {Phonologie}},
   publisher = {Wilhelm Fink},
   address = {Paderborn},
   keywords = {Sprachwissenschaft; Phonetik; Oszillogramm; },
   year = {2011}
}

@book{Woellstein10a,
   Author = {Wöllstein, Angelika},
   Title = {Topologisches {Satzmodell}},
   Publisher = {Winter},
   Address = {Heidelberg},
   Year = {2010} }
